@article{mitre2024,
  title={Common Vulnerabilities and Exposures Annual Report 2024},
  author={MITRE Corporation},
  journal={CVE Program},
  year={2024},
  url={https://cve.mitre.org}
}

@techreport{hackerone2024,
  title={The 2024 Hacker Report: Bug Bounty Market Analysis},
  author={HackerOne},
  institution={HackerOne Inc.},
  year={2024}
}

@book{chess2007,
  title={Secure Programming with Static Analysis},
  author={Chess, Brian and West, Jacob},
  publisher={Addison-Wesley},
  year={2007}
}

@article{godefroid2008,
  title={Automated whitebox fuzz testing},
  author={Godefroid, Patrice and Levin, Michael Y and Molnar, David},
  journal={NDSS},
  volume={8},
  pages={151--166},
  year={2008}
}

@article{li2018,
  title={VulDeePecker: A deep learning-based system for vulnerability detection},
  author={Li, Zhen and Zou, Deqing and Xu, Shouhuai and Ou, Xinyu and Jin, Hai and Wang, Sujuan and Deng, Zhijun and Zhong, Yuyi},
  journal={NDSS},
  year={2018}
}

@article{russell2018,
  title={Automated vulnerability detection in source code using deep representation learning},
  author={Russell, Rebecca and Kim, Louis and Hamilton, Lei and Lazovich, Tomo and Harer, Jacob and Ozdemir, Onur and Ellingwood, Paul and McConley, Marc},
  journal={17th IEEE International Conference on Machine Learning and Applications},
  pages={757--762},
  year={2018}
}

@article{li2021,
  title={SySeVR: A framework for using deep learning to detect software vulnerabilities},
  author={Li, Zhen and Zou, Deqing and Xu, Shouhuai and Jin, Hai and Zhu, Yawei and Chen, Zhaoxuan},
  journal={IEEE Transactions on Dependable and Secure Computing},
  volume={19},
  number={4},
  pages={2244--2258},
  year={2021}
}

@book{anderson2001,
  title={Security Engineering: A Guide to Building Dependable Distributed Systems},
  author={Anderson, Ross J},
  publisher={Wiley},
  year={2001}
}

@inproceedings{gordon2002,
  title={The economics of information security investment},
  author={Gordon, Lawrence A and Loeb, Martin P},
  booktitle={ACM Transactions on Information and System Security},
  volume={5},
  number={4},
  pages={438--457},
  year={2002}
}

@article{lye2005,
  title={Game strategies in network security},
  author={Lye, Kong-wei and Wing, Jeannette M},
  journal={International Journal of Information Security},
  volume={4},
  number={1-2},
  pages={71--86},
  year={2005}
}

@book{alpcan2006,
  title={Network Security: A Decision and Game-Theoretic Approach},
  author={Alpcan, Tansu and Ba{\c{s}}ar, Tamer},
  publisher={Cambridge University Press},
  year={2006}
}

@article{shannon1949,
  title={Communication theory of secrecy systems},
  author={Shannon, Claude E},
  journal={Bell System Technical Journal},
  volume={28},
  number={4},
  pages={656--715},
  year={1949}
}

@article{dwork2006,
  title={Differential privacy},
  author={Dwork, Cynthia},
  journal={International Colloquium on Automata, Languages, and Programming},
  pages={1--12},
  year={2006}
}

@article{shor1994,
  title={Algorithms for quantum computation: discrete logarithms and factoring},
  author={Shor, Peter W},
  journal={Proceedings 35th annual symposium on foundations of computer science},
  pages={124--134},
  year={1994}
}

@article{bennett1984,
  title={Quantum cryptography: Public key distribution and coin tossing},
  author={Bennett, Charles H and Brassard, Gilles},
  journal={Theoretical Computer Science},
  volume={560},
  pages={7--11},
  year={1984}
}

@article{szegedy2013,
  title={Intriguing properties of neural networks},
  author={Szegedy, Christian and Zaremba, Wojciech and Sutskever, Ilya and Bruna, Joan and Erhan, Dumitru and Goodfellow, Ian and Fergus, Rob},
  journal={arXiv preprint arXiv:1312.6199},
  year={2013}
}

@article{goodfellow2014,
  title={Explaining and harnessing adversarial examples},
  author={Goodfellow, Ian J and Shlens, Jonathon and Szegedy, Christian},
  journal={arXiv preprint arXiv:1412.6572},
  year={2014}
}

@article{cohen2019,
  title={Certified adversarial robustness via randomized smoothing},
  author={Cohen, Jeremy and Rosenfeld, Elan and Kolter, Zico},
  journal={International Conference on Machine Learning},
  pages={1310--1320},
  year={2019}
}

@article{lecuyer2019,
  title={Certified robustness to adversarial examples with differential privacy},
  author={Lecuyer, Mathias and Atlidakis, Vaggelis and Geambasu, Roxana and Hsu, Daniel and Jana, Suman},
  journal={IEEE Symposium on Security and Privacy},
  pages={656--672},
  year={2019}
}

@book{nash1950,
  title={Equilibrium points in n-person games},
  author={Nash, John},
  journal={Proceedings of the National Academy of Sciences},
  volume={36},
  number={1},
  pages={48--49},
  year={1950}
}

@book{cover2006,
  title={Elements of Information Theory},
  author={Cover, Thomas M and Thomas, Joy A},
  publisher={John Wiley \& Sons},
  year={2006}
}

@book{nielsen2010,
  title={Quantum Computation and Quantum Information},
  author={Nielsen, Michael A and Chuang, Isaac L},
  publisher={Cambridge University Press},
  year={2010}
}

@article{fano1961,
  title={Transmission of information: a statistical theory of communications},
  author={Fano, Robert M},
  journal={MIT Press},
  year={1961}
}

@article{schumacher1995,
  title={Quantum coding},
  author={Schumacher, Benjamin},
  journal={Physical Review A},
  volume={51},
  number={4},
  pages={2738},
  year={1995}
}

@article{vapnik1998,
  title={Statistical learning theory},
  author={Vapnik, Vladimir},
  journal={Wiley},
  year={1998}
}

@article{madry2017,
  title={Towards deep learning models resistant to adversarial attacks},
  author={Madry, Aleksander and Makelov, Aleksandar and Schmidt, Ludwig and Tsipras, Dimitris and Vladu, Adrian},
  journal={arXiv preprint arXiv:1706.06083},
  year={2017}
}

@inproceedings{biggio2013,
  title={Evasion attacks against machine learning at test time},
  author={Biggio, Battista and Corona, Igino and Maiorca, Davide and Nelson, Blaine and {\v{S}}rndiÄ‡, Nedim and Laskov, Pavel and Giacinto, Giorgio and Roli, Fabio},
  booktitle={Joint European conference on machine learning and knowledge discovery in databases},
  pages={387--402},
  year={2013}
}

@article{carlini2017,
  title={Towards evaluating the robustness of neural networks},
  author={Carlini, Nicholas and Wagner, David},
  journal={IEEE symposium on security and privacy},
  pages={39--57},
  year={2017}
}

@article{papernot2016,
  title={The limitations of deep learning in adversarial settings},
  author={Papernot, Nicolas and McDaniel, Patrick and Jha, Somesh and Fredrikson, Matt and Celik, Z Berkay and Swami, Ananthram},
  journal={IEEE European symposium on security and privacy},
  pages={372--387},
  year={2016}
}