
@misc{vulnhunter2024,
  title={Vulnerability Homotopy Space: Mathematical Topology for Cybersecurity Precision},
  author={Research Team},
  year={2024},
  note={Available at: https://github.com/vulnhunter/omega-vhs}
}

@article{carlsson2009topology,
  title={Topology and data},
  author={Carlsson, Gunnar},
  journal={Bulletin of the American Mathematical Society},
  volume={46},
  number={2},
  pages={255--308},
  year={2009}
}

@inproceedings{li2018vuldeepecker,
  title={VulDeePecker: A deep learning-based system for vulnerability detection},
  author={Li, Zhen and Zou, Deqing and Xu, Shouhuai and Ou, Xinyu and Jin, Hai and Wang, Sujuan and Deng, Zhijun and Zhong, Yuyi},
  booktitle={Proceedings of the 25th Annual Network and Distributed System Security Symposium},
  year={2018}
}

@inproceedings{zhou2019devign,
  title={Devign: Effective vulnerability identification by learning comprehensive program semantics via graph neural networks},
  author={Zhou, Yaqin and Liu, Shangqing and Siow, Jingkai and Du, Xiaoning and Liu, Yang},
  booktitle={Advances in Neural Information Processing Systems},
  volume={32},
  year={2019}
}
